@inproceedings{verma19,
  author    = {Vikas Verma and
               Alex Lamb and
               Christopher Beckham and
               Amir Najafi and
               Ioannis Mitliagkas and
               David Lopez{-}Paz and
               Yoshua Bengio},
  title     = {Manifold Mixup: Better Representations by Interpolating Hidden States},
  booktitle = {Proceedings of the 36th International Conference on Machine Learning,
               {ICML} 2019, 9-15 June 2019, Long Beach, California, {USA}},
  pages     = {6438--6447},
  year      = {2019},
  url       = {http://proceedings.mlr.press/v97/verma19a.html}
}

@article{zhang17,
  author    = {Hongyi Zhang and
               Moustapha Ciss{\'{e}} and
               Yann N. Dauphin and
               David Lopez{-}Paz},
  title     = {mixup: Beyond Empirical Risk Minimization},
  journal   = {CoRR},
  volume    = {abs/1710.09412},
  year      = {2017},
  url       = {http://arxiv.org/abs/1710.09412}
}

@incollection{simard96,
  author    = {Patrice Y. Simard and
               Yann LeCun and
               John S. Denker and
               Bernard Victorri},
  title     = {Transformation Invariance in Pattern Recognition-Tangent Distance
               and Tangent Propagation},
  booktitle = {Neural Networks: Tricks of the Trade},
  pages     = {239--27},
  year      = {1996},
  url       = {https://doi.org/10.1007/3-540-49430-8\_13}
}

@inproceedings{krizh09,
  title={Learning Multiple Layers of Features from Tiny Images},
  author={Alex Krizhevsky},
  year={2009}
}

@article{cosannlr,
  author    = {Ilya Loshchilov and
               Frank Hutter},
  title     = {{SGDR:} Stochastic Gradient Descent with Restarts},
  journal   = {CoRR},
  volume    = {abs/1608.03983},
  year      = {2016},
  url       = {http://arxiv.org/abs/1608.03983},
  archivePrefix = {arXiv},
  eprint    = {1608.03983},
  timestamp = {Mon, 13 Aug 2018 16:48:29 +0200},
  biburl    = {https://dblp.org/rec/journals/corr/LoshchilovH16a.bib},
  bibsource = {dblp computer science bibliography, https://dblp.org}
}

@article{goyal17,
  author    = {Priya Goyal and
               Piotr Doll{\'{a}}r and
               Ross B. Girshick and
               Pieter Noordhuis and
               Lukasz Wesolowski and
               Aapo Kyrola and
               Andrew Tulloch and
               Yangqing Jia and
               Kaiming He},
  title     = {Accurate, Large Minibatch {SGD:} Training ImageNet in 1 Hour},
  journal   = {CoRR},
  volume    = {abs/1706.02677},
  year      = {2017},
  url       = {http://arxiv.org/abs/1706.02677},
  archivePrefix = {arXiv},
  eprint    = {1706.02677},
  timestamp = {Mon, 13 Aug 2018 16:49:10 +0200},
  biburl    = {https://dblp.org/rec/journals/corr/GoyalDGNWKTJH17.bib},
  bibsource = {dblp computer science bibliography, https://dblp.org}
}

